@article{franciscoortin2010,
    author = "Francisco Ortin, Miguel García",
    title = "Information Processing Letters",
    journal = "Elsevier B.V.",
    volume = "111",
    year = "2010",
    langid = "english"
}

@article{igarashi2007,
    author = "A. Igarashi, H. Nagira",
    title = "Union types for object-oriented programming",
    journal = "Journal of Object Technology",
    pages   = "66",
    year = "2007",
    langid = "english"
}

@article{ancona2009,
    author = "D. Ancona, G. Lagorio",
    title = "Coinductive type systems for object-oriented languages",
    journal = "Proceedings of the European Conference on Object-Oriented Programming",
    pages   = "2--26",
    year = "2009",
    langid = "english"
}

@conference{atsushi_conf,
    author = "Atsushi Igarashi, Hideshi Nagira",
    title = "Union Types for Object-Oriented Programming",
    booktitle = "Symposium on Applied computing",
    year = 2006,
    langid = "english"
}

@article{Castagna,
    author = "Castagna G.",
    title = "Programming with union, intersection, and negation types",
    journal = "The French School of Programming. – Cham : Springer International Publishing",
    pages   = "309--378",
    year = "2023",
    langid = "english"
}

@misc{CDuce,
    author    = "CDuce",
    title     = "The CDuce Compiler.",
    url = "https://www.cduce.org"
}

@conference{Greenberg,
    author = "Michael Greenberg",
    title = "The Dynamic Practice and Static Theory of Gradual Typing",
    booktitle = "3rd Summit on Advances in Programming Languages (SNAPL 2019),",
    year = 2019,
    langid = "english"
}

@misc{Harper,
    author    = "Robert Harper",
    title     = "Programming Languages: Theory and Practice.",
    year = 2006,
    url = "http://fpl.cs.depaul.edu/jriely/547/extras/online.pdf"
}

@article{TypedRacked,
    author = "Sam Tobin-Hochstadt, Matthias Felleisen.",
    title = "The design and implementation of typed scheme",
    journal = "Proceedings of the 35th Annual ACM SIGPLAN-SIGACT Symposium on Principles of Programming Languages",
    pages   = "395--406",
    year = "2008",
    langid = "english"
}

@misc{typescript_m,
    author    = "Microsoft",
    title     = "TypeScript",
    url = "https://www.typescriptlang.org/"
}

@misc{flow_facebook,
    author    = "Facebook",
    title     = "Flow",
    url = "https://flow.org/"
}

@article{Barbanera,
    author = "Barbanera F., Dezaniciancaglini M., Deliguoro U.",
    title = "Intersection and union types: syntax and semantics",
    journal = "Information and Computation",
    pages   = "202--230",
    year = "1995",
    langid = "english"
}

@article{Damm,
    author = "Damm F. M.",
    title = "Subtyping with union types, intersection types and recursive types",
    journal = "International Symposium on Theoretical Aspects of Computer Software",
    pages   = "687--706",
    year = "1994",
    langid = "english"
}

@article{Giuseppe,
    author = "Giuseppe Castagna and Zhiwu Xu",
    title = "Set-theoretic foundation of parametric polymorphism and subtyping",
    journal = "6th ACM-SIGPLAN International Conference on Functional Programming",
    pages   = "94--106",
    year = "2011",
    langid = "english"
}
